%________________________________________________________________________
% LEIM | PROJETO
% 2022 / 2012 / 2013
% Modelo para relatorio | bibliografia
% PTS / MAR.2022 / MAI.2013
%________________________________________________________________________


@MISC{MLAgents,
  author =       {Unity},
  title =        {ML-Agents},
  howpublished = {\url{https://github.com/Unity-Technologies/ml-agents}},
  year =         {},
  month =        {},
  note =         {},
  abstract =     {},
  keywords =     {},
  source =       {},
}


@MISC{Videos,
	author =       {Arnaldo Abrantes},
	title =        {Videos aulas},
	howpublished = {\url{https://www.youtube.com/channel/UC5ipjwT5RuwwWudFseg0UAQ}},
	year =         {},
	month =        {},
	note =         {},
	abstract =     {},
	keywords =     {},
	source =       {},
}

@MISC{Unity,
	author =       {Unity Technologies},
	title =        {Unity},
	howpublished = {\url{https://unity.com/}},
	year =         {2005},
	month =        {June},
	note =         {},
	abstract =     {},
	keywords =     {},
	source =       {},
}

@MISC{PerlinNoise,
	author =       {Ken Perlin},
	title =        {Perlin Noise},
	howpublished = {\url{https://en.wikipedia.org/wiki/Perlin_noise}},
	year =         {},
	month =        {},
	note =         {},
	abstract =     {},
	keywords =     {},
	source =       {},
}


@MISC{FloodFill,
	author =       {},
	title =        {Flood Fill},
	howpublished = {\url{https://en.wikipedia.org/wiki/Flood_fill}},
	year =         {},
	month =        {},
	note =         {},
	abstract =     {},
	keywords =     {},
	source =       {},
}


@MISC{Minecraft,
	author =       {Mojang Studios},
	title =        {Minecraft},
	howpublished = {\url{https://www.minecraft.net}},
	year =         {2011},
	month =        {November},
	note =         {},
	abstract =     {},
	keywords =     {},
	source =       {},
}